%% This BibTeX bibliography file was created using BibDesk.
%% http://bibdesk.sourceforge.net/

%% Created for Steven Zhu at 2017-06-04 02:16:23 +1000 


%% Saved with string encoding Unicode (UTF-8) 



@misc{MF,
	Author = {Yehuda Koren and Robert Bell and Chris Volinsky},
	Date-Added = {2017-06-03 16:13:52 +0000},
	Date-Modified = {2017-06-03 16:15:50 +0000},
	Title = {MATRIX FACTORIZATION TECHNIQUES FOR RECOMMENDER SYSTEMS},
	Year = {2009}}

@article{CF_Recsys_Survey,
	Author = {Michael D. Ekstrand and John T. Riedl and Joseph A. Konstan},
	Date-Added = {2017-06-03 15:54:26 +0000},
	Date-Modified = {2017-06-03 15:54:57 +0000},
	Doi = {10.1561/1100000009},
	Issn = {1551-3955},
	Journal = {Foundations and Trends{\textregistered} in Human--Computer Interaction},
	Number = {2},
	Pages = {81-173},
	Title = {Collaborative Filtering Recommender Systems},
	Url = {http://dx.doi.org/10.1561/1100000009},
	Volume = {4},
	Year = {2011},
	Bdsk-Url-1 = {http://dx.doi.org/10.1561/1100000009}}
